<?xml version="1.0" encoding="UTF-8"?><collection xmlns="http://www.loc.gov/MARC21/slim"><record><leader>00528nam--2200193-i-4500</leader><controlfield tag="001">000007939</controlfield><controlfield tag="002">20161230</controlfield><controlfield tag="005">20161230201027</controlfield><controlfield tag="008">060222s1000------------r-----000-0-rum-d</controlfield><datafield ind1=" " ind2=" " tag="040"><subfield code="a">IFIN-HH</subfield></datafield><datafield ind1=" " ind2=" " tag="041"><subfield code="a">rum</subfield></datafield><datafield ind1=" " ind2=" " tag="080"><subfield code="a">519.2(021)</subfield></datafield><datafield ind1="1" ind2=" " tag="100"><subfield code="a">Ciucu, G</subfield></datafield><datafield ind1="1" ind2="0" tag="245"><subfield code="a">Culegere de probleme de teoria probabilitatilor</subfield><subfield code="c">G. Ciucu; I. Craiu; I. Sacuiu</subfield></datafield><datafield ind1=" " ind2=" " tag="260"><subfield code="a">Bucuresti, Editura Tehnica, 1967</subfield></datafield><datafield ind1=" " ind2=" " tag="300"><subfield code="a">494 P</subfield></datafield><datafield ind1=" " ind2="4" tag="650"><subfield code="a">teoria probabilitatilor</subfield><subfield code="v">Probleme</subfield></datafield><datafield ind1=" " ind2=" " tag="852"><subfield code="a">25318</subfield><subfield code="c">519.2</subfield></datafield><datafield ind1=" " ind2=" " tag="CAT"><subfield code="a">Sys</subfield><subfield code="c">20100521</subfield><subfield code="h">100933</subfield></datafield></record></collection>